@online{repo,
	title = {},
	author = {},    
	note = {\url{https://github.com/hanuka24/ActMonitoringLocalizationApp.git}}
}
